@String{CRAN = "http://CRAN.R-Project.org/" }
@String{manuals = CRAN # "doc/manuals/" }
@String{RCoreTeam = "{R Core Team}" }
@String{RFoundation = "R Foundation for Statistical Computing" }

@article{almquist2010us,
  title =        {{US Census} spatial and demographic data in {R}: the
                  {UScensus2000} suite of packages},
  author =       {Almquist, Zack W.},
  journal =      {Journal of Statistical Software},
  volume =       37,
  number =       6,
  pages =        {1--31},
  year =         2010,
  doi =          {10.18637/jss.v037.i06}
}

@misc{biocPkgGuide, 
  author =        {{Bioconductor Core Team}},
  title =         {Bioconductor-- {P}ackage Guidelines},
  howpublished =  {\url{http://bioconductor.org/developers/package-guidelines/}},
  year =          {2017},
  note =          {Accessed: 2017-01-31}
}

@Manual{devtools,
  title =        {{devtools:} Tools to Make Developing R Packages
                  Easier},
  author =       {Hadley Wickham and Winston Chang and RCoreTeam},
  year =         2016,
  note =         {R package version 1.12.0},
  url =          {https://CRAN.R-project.org/package=devtools},
}

@Manual{drat,
  title =        {{drat:} Drat R Archive Template},
  author =       {Dirk Eddelbuettel and Carl Boettiger and Sebastian
                  Gibb and Colin Gillespie and Jan Górecki and Matt
                  Jones and Thomas Leeper and Steven Pav and Jan
                  Schulz},
  year =         2016,
  note =         {R package version 0.1.2},
  url =          {https://CRAN.R-project.org/package=drat},
}

@article{gentleman2004bioconductor,
  title =       {Bioconductor: open software development for 
                 computational biology and bioinformatics},
  author =      {Gentleman, Robert C and Carey, Vincent J and 
                 Bates, Douglas M and Bolstad, Ben and Dettling, Marcel 
                 and Dudoit, Sandrine and Ellis, Byron and Gautier, Laurent 
                 and Ge, Yongchao and Gentry, Jeff and others},
  journal =     {Genome Biology},
  volume =      {5},
  number =      {10},
  pages =       {R80},
  year =        {2004},
  doi =         {10.1186/gb-2004-5-10-r80}
}

@Manual{grattan,
  title =        {{grattan}: Perform Common Quantitative Tasks for
                  Australian Analysts and to Support Grattan Institute
                  Analysis},
  author =       {Hugh Parsonage and Tim Cameron and Brendan Coates
                  and William Young and Ittima Cherastidtham},
  year =         2017,
  note =         {R package version 1.3.0},
  url =          {https://CRAN.R-project.org/package=grattan},
}

@Manual{hurricaneexposure,
  title =        {{hurricaneexposure}: Explore and Map County-Level
                  Hurricane Exposure in the United States},
  author =       {Brooke Anderson and Meilin Yan and Joshua Ferreri
                  and William Crosson and Mohammad Al-Hamdan and
                  Andrea Schumacher and Dirk Eddelbuettel},
  year =         2017,
  note =         {R package version 0.0.1},
  url =
                  {https://CRAN.R-project.org/package=hurricaneexposure}
}

@Manual{hurricaneexposuredata,
  title =        {{hurricaneexposuredata}: Data Characterizing
                  Exposure to Hurricanes in United States Counties},
  author =       {Brooke Anderson and Andrea Schumacher and William
                  Crosson and Mohammad Al-Hamdan and Meilin Yan and
                  Joshua Ferreri and Ziyu Chen and Steven Quiring and
                  Seth Guikema},
  year =         2017,
  note =         {Github repository containing R package},
  url =          {https://github.com/geanders/hurricaneexposuredata},
}

@Manual{knitr,
  title =        {{knitr}: A General-Purpose Package for Dynamic Report
                  Generation in R},
  author =       {Yihui Xie},
  year =         2016,
  note =         {R package version 1.15.1},
  url =          {https://CRAN.R-project.org/package=knitr}
}

@Manual{littler,
  title =        {{littler}: R at the Command-Line via 'r'},
  author =       {Dirk Eddelbuettel and Jeff Horner},
  year =         2016,
  note =         {R package version 0.3.1},
  url =          {https://CRAN.R-project.org/package=littler}
}

@book{peng2008statistical,
  title =        {Statistical Methods for Environmental Epidemiology
                  with R: A Case Study in Air Pollution and Health},
  author =       {Roger D Peng and Francesca Dominici},
  year =         2008,
  publisher =    {Springer},
  address =      {New York, NY, USA}
}

@Manual{rcmdcheck,
  title =        {{rcmdcheck:} Run 'R CMD check' from 'R' and Capture
                  Results},
  author =       {Gábor Csárdi},
  year =         2016,
  note =         {R package version 1.2.1},
  url =          {https://CRAN.R-project.org/package=rcmdcheck},
}

@Manual{rcore:rbase,
  title =        {R: A Language and Environment for Statistical
                  Computing},
  author =       RCoreTeam,
  organization = RFoundation,
  address =      {Vienna, Austria},
  year =         2017,
  url =          {https://www.R-project.org/},
}

@manual{rcore:wre,
  author =       RCoreTeam,
  organization = RFoundation,
  address =      {Vienna, Austria},
  year =         2017,
  title =        "Writing R extensions",
  url =          manuals # "R-exts.html"
}

@Manual{rnoaa,
  title =        {rnoaa: 'NOAA' Weather Data from R},
  author =       {Scott Chamberlain and Brooke Anderson and Maelle
                  Salmon and Adam Erickson and Nicholas Potter and
                  Joseph Stachelek and Alex Simmons and Karthik Ram
                  and Hart Edmund},
  year =         2016,
  note =         {R package version 0.6.6},
  url =          {https://CRAN.R-project.org/package=rnoaa},
}

@Manual{roxygen2,
  title =        {{roxygen2}: In-Source Documentation for R},
  author =       {Hadley Wickham and Peter Danenberg and Manuel
                  Eugster},
  year =         2015,
  note =         {R package version 5.0.1},
  url =          {https://CRAN.R-project.org/package=roxygen2},
}

@Manual{stashR,
  title =        {stashR: A Set of Tools for Administering SHared
                  Repositories},
  author =       {Sandy Eckel and Roger D. Peng},
  year =         2012,
  note =         {R package version 0.3.5},
  url =          {https://CRAN.R-project.org/package=stashR},
}

@article{stodden2013toward,
  title =       {Toward reproducible computational research: an empirical 
                 analysis of data and code policy adoption by journals},
  author =      {Stodden, Victoria and Guo, Peixuan and Ma, Zhaokun},
  journal =     {PlOS ONE},
  volume =      {8},
  number =      {6},
  pages =       {e67111},
  year =        {2013},
  doi =         {10.1371/journal.pone.0067111}
}

@Manual{tigris,
  title =        {tigris: Load Census TIGER/Line Shapefiles into R},
  author =       {Kyle Walker and Bob Rudis},
  year =         2016,
  note =         {R package version 0.3.3},
  url =          {https://CRAN.R-project.org/package=tigris},
}

@book{wickham2015r,
  title =        {R Packages},
  author =       {Wickham, Hadley},
  year =         2015,
  publisher =    {O'Reilly Media, Inc.},
  address =      {Sebastopol, California}
}
